01199791DF63E2C9F17B946DCFDC1D636A1:3
014F4E9F55FA83A998246033C4238A4BA28:4
016AA58178A5A60C59D4A10913C4EE70204:1
01BCC8CD1322E172C8CDE64617E624B3690:12
01C73664D4D894F73ACCA8D04C05E107983:1
020D23EBE080FC4FC2F4512E865D7C14BCF:2
0240BAF48431F7F5A57FBEBB53F1107A211:1
027EC82B75DDCD11ED513BC65171F4B7A1C:3
0291FFD5E0DBC4284119F0E53AE8D3E10B0:2
02FB4DC0624D310242E5BF207BA49311C16:5
02FD1BE237D3A38E2FBA251001CE02FBA09:5
031A6A0E366CFE8EAEA70F506308F2FCE94:3
03527E97AC6073E5DB80424E734A606F6A0:2
039AD081FE7AA121486165D7B9250D4F378:1
03C3F78F79A6BAF3A06ED419477F48B8B11:5
03C5B3D27F903822F5A48A3CB212EAE5FD4:6
0407C40A17C6059EF7BE6DBE705C3907AF2:2
04D222434EA9D5657C459DBBF9CEBED1E85:1
04F5A5463983204EEC6FE1FEAFEA2B276FB:3
0507D05EBA3227015736A41424C53FD9047:4
053C0E5A460926F10BC2795A20D8AE834D4:1
0579145BEBAD77B7CC546C71D45476F0BB6:4
0615B763F5D0BF545B0BF35ADDF1157ACEE:1
06435E9C5D489362EBF59981B7E81B23BF5:1
06A4A877DF7FA47A56DB2C8139BBF91F133:5
07462997050EB317CB92CD38FB42FB4A09C:1
077D3DC1DA4E4DD0DDF551610E1A1FCD92D:2
077EE4646769473714525083439441CEEED:1
079C1CB878CF186C3FD2BC4E0C44AEFD59E:2
07CDFA9988C7458AF09C49BF8635997A5DE:4
07DCD13804C12F134004B0CE54E0AA8D9EF:1
08B7AAA6A6842F056DAC3EABB8C2875F651:2
08DFE778C53FCBD0D9A21A2BAED4489F15F:1
08E4517E1BC5AFC205E448A3B896EADAE3A:1
096982F996451851AA53DC6A9E488881083:1
097B1D3BAB56B5A5522530993F7420B8D0B:4
0A37DEF617698C4D9BF1A276ACE5ADED5D7:1
0A4FEB31C82CC0D97A79115CC1EDB105CA7:1
0A70B885914E6FD619BE35D6166786130E3:1
0ADE073A0AB5D1343EE4B344375F4A2EB02:2
0AE84FDBA4AFFF9CBC4196DDD6DD5DDD766:1
0AFD2392CC73C992D4EC1FBEE8B0F266368:3
0B3821D9C9FCEF8788E9689A44530FED967:2
0B6202CEF01CD8A3EEBB9A99E244B98BEE8:1
0BA2A4D85C3D7DFF54E53162060FA5E5FED:1
0BB6E5841A4E65E02F69979288BEA254E8C:1
0BE747BB5F6390CB8D0AF27574BD63522E3:3
0C248C1D3F2F818378E841B6BF63C271681:8
0C51ABEC890A1157BEC2BBEFB11ACA29520:1
0CCB4B1AFA7728A439114094E156411BE83:1
0D1FA64771CB3CBA9DDF5C1C7BEAD0CEE9F:2
0D242758F170EAE4133CB2D080E73058FC9:7
0D3BC16BEDB18B40794597EAF32A1DEE733:1
0D4E91AB637FBAC6998D7E5A5C6A181EBDF:2
0D546F5780FCF8E1200E830580A58D03F58:1
0D9ED3463A2B564FCD564641F433F854A50:3
0DE18D44C734C50FC61011B73BF5B84D81A:3
0E403A00ED978B0B800DC1372158E8FB1B1:1
0E591A5F2C2147662A132B46B110F635B11:1
0E5FD64332124E3CB2136DC947DA2875FD9:9
0EA2060242919E76C12F8F57272E08FFCE1:8
0F183F23B87B0ED4D2CB63E82CE2FE58A12:2
0F457E06F0519C13CBC4F2ADFEAA594BE40:1
0FEB72ED292D0E2F2E0961D83BA9C97354C:3
109F198B80892B7B7C4A143EA40EDD339F3:1
10AABD9DC1D69A25437DF21F32270935036:1
10C4C9742D764473BE0DC021D5E27206F5C:4
10C51C4B17534256A06C87F71E41A47B845:2
10DCDA2F8AA4A2BD6A49BAB4A39597D5558:3
10ED00970140F252FC7AC272F54918C6BA1:5
10ED2BED6C2D94D71433341852B67A5E60C:1
11DCE7877B36FC49269380F6DDDC6CBEF7E:1
11DED6C961EBCB0A2B5F88CBA40FEA805C3:1
11F69487EE802925FE2D0C2691F0DA024DE:4
124B719F4426C93A1E3778E7599B6A91112:1
12812B4232B2BE07E31555F744F0536E830:3
12B438A06C46A41B2527DEB2673933A5FC1:1
131B8AD615B7D3CDEB4DCA52D94F44FD715:3
137F0B33581666A3D61A883C38191876E72:1
140910D045740700BC08E709FD6A66706AD:1
14DB5ACFA6A1B8FCCAB3AF57F2DCF2C35D2:46
14E610F2CA5A2EB082199346F13ED74427E:1
1550674D1CB0A84F65E95337916AD9A33DB:3
1555342BC94CEDB6F520E788F9CAD24A1DB:1
155D943F1A891546A2AE0C4B22E62E83048:1
1569919548327B9464F08F42902554194E5:1
15C178ECB7F91BE1F9AFCCEE409F3F82AD0:1
160188F2E12E2AC58F93DB0D0D9ACC08110:7
164A4923693F363D68F4F96CB271A43B95F:1
164D5794DA63356E0A593BBD83337DC2B88:2
169805BA5126B661115A4BD134957C55D9D:2
169EF0A027209169D0C81BBF9EE7C66C95F:1
17088A4D2CFB195B2043211B7228C8A132C:36
17E40072F1B6806FAD187F0D9339AEDB0C7:1
17E96A9EFF52F9979F3481EE3735C39A571:3
1803304F05476F64201F33AB547056D3A26:2
180A30C6DDBCCF3307C48E7F1F98125A6CC:3
181FE8CBA6EEC3DAB6CAE8A602E3850BBED:1
18267172A66AF8969D87AB9F8454EE83072:3
191FA18FD3F963FF3ADDD1BCD399DD8203B:1
19F4D65103A4DDDBD0A05239FD5D43EE59D:2
1A1AAEF0E0AFF42E4E49809F15626364AC7:1
1A2CFBE10F2DBA8B4695CDB54ECD506E1FE:1
1A3E71A564E9B124C876AC46F3018F2E10E:13
1A640537352A60EE4FE82FA91D239CDCEA1:1
1B2CA6CD28C77ED42E50D3A6E6F42F1A8C1:1
1BD5A7A7A520BCFBCD17B1CEA1A5F16951D:12
1C077CD2522DE8337839A08C43B8F56E02C:7
1C7A7BBF7DB899C622CF31D4DD62D11F2C6:2
1C9F4DCB541FADA52D841D60D80F4966ECB:3
1D1C7181EFB69B5EBE5C37C23604DA443F8:1
1D7CC2D5F8CE767C7F39787C9AF4B523526:5
1E4F7D42327ED996E35E6C09B867A348DC7:1
1EDE65C7DDE06B494584A91D8AFCBBA8CF1:3
1F7CBAB24623B44B6EF17D148366BDDC309:13
1F870650DC9C6B92A8AF06C214B8BCA24E2:1
1F8873A2A9B1658E50CE42CD5AAB437B746:1
1FE0DB21BA4A2773A414ED57262C5ED6592:2
202FFA7CB19ADFA0B6747039B17F2337D00:1
2035A930E3E86D9741CD4CA06F5764DD643:2
206077684C1F12006FC7A4E19601DE0FFCC:3
209D6631FB2BF1E263C5244271738AAC6F5:1
210491236650C53548A2FD9FF540DF45549:8
2107D0CDAE7134B3F586B940685193CAB42:6
215AFCE3AB8EB09AB592F107FF54F6A413E:1
21E07996C9A0B5F41EC0BC1FD6B8DCC39E2:31
21FF364C80ABD6D78112CC480A1E374DBD3:1
23ABAC93F5CE85D8520A3810CC9F12E5752:5
23B706059A420C85323BB7F2904D3741B88:7
23CEB98D59A2A237670E016D21C12DB86FD:1
23EFC857D2D9DD031D0D59DFC5A687D085D:20
2568763165D5FCAC06B2E3BE20CA52E682B:1
256AE25AC23CC1D13C47BF35D1837015BED:1
25916FA2893E8B671A4C4AF07E7F4B4FFAF:1
25B5FB56D528E8611151B4968E979D88D6E:2
262876AD359A62F8FDA2B4A36B8B48ED3BF:1
2631603055EC41F7DA08C6F8ADECC1C8F67:1
26F96A91305B162AF1B577B9CD9B6D4A0C2:1
27268573AFC5A64402915EFE0BE2BB0985B:1
278447F7E3231537FC15350315BDE6A4205:3
278795DF8690912D92EDF6CB0CAA63175E8:1
2788D058996F8AA5D0D44743892CAE86483:2
27AB76CEB4B919B2F220CEB4DF2787CA53B:2
27D036C6671ABEEBAF346F57BA164C81287:2
28ACD412FCE17548E10731ED218442602BA:1
28AE337EB2EF17F7B1F8F7D76CCA903581B:2
28BBD234726DB87BBD1898B1A779CE5D1C2:250
28D42BD97472B93E5936A8C18B685453116:1
28DEBF23147E4A173E57632BE426783BAC2:1
28FEB0C8272DDDEC24E927D24F921F5E87F:2
29B7E3AF2D19A8248F16EFA6EFDD0644C40:1
2A1C699A9E9F6CE9ADBF6DDCD5E1EA3CBC5:1
2AD0FF46E846FCB5B91ED4B8669AA695FB4:1
2AD5030C9DB56E1B50FE4C582A01E1D5EC9:1
2B076646EA0933E97EBFD9965B6F96EF462:10
2B0B18D69644FAC42C400DF748C4D7D03AC:7
2B736A76C4164E1E03E7F0A30AA581A8A33:1
2C07BAF0CAE9C931F21BBEF8C643557D5E8:1
2C1D358BA4ABC845AFE004ED775F297427A:2
2C35FEE246068BA5C3033FBEB4AE252CE6B:2
2C4E1EFA31979CB73689C5C93921A80CAC0:3
2C8DC5D2F34F70D7137C66BFDD45A8A9424:1
2CC758A03630A68BA2AE46A661F5BF6236C:1
2D57CE84BDBD2DBF80E0D4DF807D52F4A3E:4
2DB1D2E6076DE2A5ECD6AF4BFC9C22E33A2:3
2DCA92DE7CFC22C4D512F54B71CA326694D:1
2DE838E184DFA8C3B1C1D4CB3E792FA511F:3
2E5BA6BBA0B082E289CD7E6AABDB1317F2E:6
2E721C0C7F3FBFCCC56E6D449907B62C4F7:5
2F3E86DAE5C7CD955FF40713E1A44F62566:1
2F7BE5AB22CF877875D9A25299984366E8C:1
2FDC86943C139B0E464F85B8A2E59FB32B3:5
3059F8F9FBEA49EC42EAC10F92C83877FC5:2
30A5B1D699649673052DBC10F2DF865DA94:8
311E37A476CECCB8A7792ABDE11F2BC0905:4
3203E4C7BD3397CC2919ABD222A4187D1EB:3
333625130F801D1F6EE05A90835B4AF486F:2
33B6A42A6BBA2C5C826CF8025FE60FA9A6B:2
33F4C688158CD234C1580B07E04A70FFC00:1
33FADD2DDC6EB3D1119AEFBBF2C1A9F2A87:1
34871DBCE2FA39F8BC227159926A318DC33:1
3491C2CCCCDA168E459A2DCB32A7D666B96:1
34BFEE90E2888D1C5C0058A4485B43F15E1:4
34FA0D06CC6A00D60F63FE6F13ACB48CB2B:1
3538FC2FCF18EE2C9ED5DE5765E44C8887B:1
359AD9A880FDE4DBF294396EF1BB9F08561:3
35D2AEDA4B263AFEB862CC4045E38CA5E29:1
364D3C7D8C0991F243C67643B6D0B49B4C7:1
375B460C35D413E0B8BDAC405CAF65D3126:1
38212DFFF89FACC7A1F6EADDF865ED59A07:7
38627D3832E25B375D021D6FBF89E461453:2
3878869B8B1732145FFD47278A1B9F9BD8B:6
38C38A66AB21FC9D4FACDBEC23B4AB7B83A:3
38E0AFB546C2E010E5175A6E57F316B2317:2
39575F3AE12AA3EBE9FE6F481E6AF365A5D:1
3979BC03745637E4BF1C9E01D97B9AA3F2C:3
3A40E1364EC6BF41D5727A6B54DA0B9DA4D:2
3A5A712DBA22EF0D54FA7FD80D18F660587:1
3A95918974BE6EE3CFA35D0C6E83D3E0A29:2
3ACA1DDF313E3ED2E777378A85B403F54FC:1
3B1C8557115A8C83FF41641366BA4ECB4A9:1
3B1CCF9F8870427405B229A65457CB0F59E:1
3BA2B68CB3A490ABD6DA9FF4DD9F89F1A4B:3
3BB19AA43491B71A37AB0C9697B9C5391D6:2
3BF503784A6264FB16D84689CCF90234D7A:5
3C28E122E3A6ED6152DA9EA678D47D273B2:1
3C3F2C8B138D7D7C36C78ADD48295937B35:1
3C44F1810046A6ADEBEDDC3EC75D87A6A6C:2
3C455BBC32E706B08EAFF263090BEC14475:1
3C4CC0A472956DA8E6A5EAC39356CB17D8F:1
3C628177FC353F4E80451F99DD9B9B00B71:1
3C90EB19A163AF3F84EC4FB650B6E616864:1
3CA841E779ABAF7F7333F5F39BFC1FCF051:2
3CBCF081298463006F65E0E20120771D022:4
3CDF1AD0B3CD5E795E441F113A13F40EB1B:6
3D349FD384C58A9355915B66B710874AF49:9
3D3B68C3FB37B999E81C3F8E6FC985D2EBE:3
3D554638231DC1D9426FDF2594083388CC8:1
3DE566897E7421DAAB373A168BD0F0A2B99:1
3E12672F77FC672DBCEE03264283FF54707:1
3E2F37B0E0049B4419238EAA1F2A07103FF:1
3E4148BD4EB9C23D610C32E2C8E29BD3FFE:1
3E414A2C7DC8806FAF71CFF577824387F76:3
3EC9263A9BB9EF34A6EEDBC0C2082AFC434:1
3EE70F750797F6330CE66DC829E3CF921DB:1
3F42BA792BA97BF43D9FE5778BCF9994D43:2
3F6E4A606B874C33D0D5643DDB6B3AC1581:1
4035D5586AD403756FD215FB365774AE8E3:1
408AF8AD448612BB025E5676739B7EE726B:1
409E89D3A42C7FB502900568AB6984D86A1:3
40A85B82773F7ED90BB807FE6C99D256EB4:3
40F132CBA953E7087E789DA3C2C63B61D8C:1
419804B785AC367980504F6D96C99E70AEB:1
41D42458857EDA066B0E47A72AC9545D187:4
42D8731811A18C0579C538B509A9CD9CBCB:3
431A0E621F2ACC82BD46AC9D715789A7B0C:1
434FC44B98939BBDA6AD94341FD543F8AA5:4
437DC4C79058A8841240DA1FD2AC22F79AA:3
4450607955E63A2B1C7167E6591CC2112DA:1
4450895959B112028E2B6F4FDAB36EDDC1E:1
44BBD57C36E80240C6DF39E16A046FF322D:1
44EE92A3CF1304FDEAB28A582A7C2C5F722:9
4521DD6999D45E649146CDDA266B94C2544:1
4549E4B92B0F473E3BCC1AC4ED9643D5211:2
458C82D3BB80584B10246F80C65464BBDC2:1
4596B0E610E0283CCE67A00F22ADA31DDA7:1
467D63DFC9E8FE80806DD3C6431CA03B236:11
47770E367471A75FAC8DF34E352E2FEA85B:4
47ABE85F07E571FF49014B5D51888553D49:2
484ED7AE5FD84896EE1EB6588B2F8C76D14:9
48616A5479616D79E3DC88ABBE2AF42EF6B:1
487D93D24F77BA9B764637F4AD3E2327DE5:1
48FFB36445E0DAF118AB4D4C98ED29A11BF:1
49300BFE7C41CC365EF9E198E031A77843E:5
4935D6FDFFC464B17F5EAB49E6420ED4D60:3
4943843076D00202C8D669B3D39EB5AE3C7:2
4A0A4087681125F992065D76A94E8BB5373:2
4A27AE7EDEFA1C8E9AE018C6F1AB71166A9:18
4A6605AA6472892E5F9E54BBE1A0298EB3C:1
4B1DF8F74C2EFC29CBC5D294C57A21395F9:2
4B8ECCFFC81473EAC8E7EF41566A668F472:1
4C49D5D41D727549B3D8318B11D82D2CA82:3
4C78A088CAE977DEF45DA6AA4DFE84D0FF6:10
4C822A4D6E872272A5CBE1F80C30B8D48B8:1
4CD4A5E5A96148167FCDEAF2E36EAB6BC75:9
4D3969A307D07A448ABC1BE8D77D20935C9:2
4E0AD49A06515E179B3826EF738ED5A329C:3
4E45D3038C1EE7E03C3DF54B29073DE9FA2:1
4EF21C7F5ED5D09C704979FBAF7BBD618AA:1
4F321139C0E5692FBABE6AAA9E6BF0C7DAB:8
4FB60189A0188D5A8FF9BC6D92A7635B9CF:3
501E486D79BF8CFFFEF4F755E3A4E6F3253:2
50BBB050CE2EDD9A3DA9802AFCB6736943B:1
5122A234CAF5008627A7D9EBC5ECF458B5E:3
514228AEA2758B52A339C7D327BB9A47A7A:1
51B1FE94337CF784A9D7392D318077E3B64:1
51FC09F13916F762F836C17D72A214F1873:1
52213DCC1A289DD560F562A6AD23E40C770:1
52365883A541D7EC8B667F71E2CA82D694D:9
525096EDD61A78DB0A171E6F6E72829FCC3:8
52B5B85C1A32BF8BA9E15BB68F3F71DC2A1:1
52B99946078D20DB5E2443660F576371330:1
53C349D9C3E04BCF6C4DEFA05B6BC000DCA:7
5400C4734DA721ABB1EFA6BE7CF2B7331F3:1
544C0E421DFB0362D6B5957EF388E25C384:4
54825ADD957D986EDEFECE1685135182C86:5
548AC6FE922E9F9F955824FB1C1378B4269:4
54A508C233CC6FC83D84002A0F757D13807:1
5513A1FE5AB2C5F5362FAB60AB7A7539BC1:1
5573EC51D4A97869165C11CD18C42A5DEA3:6
55D0C9CB3F25C036766F6826151EBABE20B:19
56ACB6A21DB4661F57C4B804FDE546ADC84:1
56DADFC438458ECF2A88E3F33BF7A48168D:2
56E1C5C68F5A746F330EC5C1A03A514BBEE:1
571CC0D0FC9DCF26C027778E0A85DDA0BD8:1
573AE22D3A4CA61E803FA0901B1049A334E:1
576BAD29014D76079A5C1C25A79CE3CB1D5:15
58990CFE4FF3D00B3C70C05BBAB72B9F9A0:3
58A69EBC1BE46E6D2062E178F217852BFF5:1
590740EEA867DF7DFCAA73F8944F0EB1A05:1
592D48B35451173AAF4383E746A5F751BA0:10
5957E2882A5A71F34DA34990F1BC6B68637:3
59ABC9955DEFE4D1238CDC2EE67221F1254:3
5A179FC769D509EE5D1F083E9919A212569:2
5A22739D9F31EDF5983CC282CF55AB3AF9E:8
5AA1FA6BFEF116A85DD4395A3D56B4D95E8:1
5AD493FA62FE7C743C3F5B3F1A8A7032E1C:1
5B139B5836D997ADB90DBE07480E5423423:24
5C54E0726C4253EB71267E65C2F1BA1785C:10
5CFE3CE619335DC99A0DEF156F5C4F0362B:3
5D66E1668DC20C81508B8CC492908FC190A:4
5D7733F0C23C84597E1A2E69987901932B5:7
5DBDBF0A748A92E3DF9F0E6C9803E7CD35A:1
5E4988D60D5C1FD5DE6BB12F904DFFEB3E1:3
5E98791C65BD7F2BF47AF61AAB213B9AC7F:4
5FCB5355DA01E1FF6C9F18C15FDDE62037C:7
601E4B9C8FC29B04D530EDB2FAB73501F75:2
60964DE06EBD5C460124856CDAB62C162A0:2
60EAAE4D69B0AEFD956E3588EA7926FB90A:1
616A03E2BBFC0E3F86522FE08AA639E0AE0:1
639F6A11B90F672977FA0429AAE155FF891:3
642359BA2ED8E5504CF0CDBAF3D6185594B:1
644A5E6527B3BEFDA323EC5F4E4EA8B25F4:1
648F194DCFF5801B541CD61ADA4E08CB55D:2
64A3F2157D34390A05C42D63429C6BFAE7F:1
64E52E27447E7589B190DDA1BF02D3BEE69:5
65112A349F4617B192A42ABDB9E738A5214:1
651377A6026456DAC614BA2D389D07D96DC:1
654140837165DEBEF6A537A08ED854EF06A:1
6582054741D35B9FE3D0C0595D9E7E067B9:1
66C540339FA6CA732B2063DEC774F3D0C0A:2
66F8E317C041F0547839031AB56C8FABA23:9
670B6692F3BB81E6493C702165E4BA34BAF:21
676870E8A1F250D91A4B90C2D5C0447F1F9:1
676F55DDED57FAB61A900B3324E1F006898:5
67962DFDE613E0B734C31F0734B0D17EC2B:2
67EBF8576983BBF1B1DE51B4909EEF632B9:9
6815ED522680E7A8ABE981835195E701266:2
69A382E13131CD5CBA2A88D25849BB2A03C:1
6A49CDBE21D2136C4845DF0888C00111F8A:2
6A6BCDED4DDEB0FF6DBACE6806D5904D26F:1
6A9CBCE2AB981E19234C444A33BB1F4A0C0:2
6AC3A700BB420F964ECCE6E5E837CD33B3D:1
6BDCBDD0F92D147BCB9A48DB1B22800D663:1
6DFA8CD91CCE716B8148673F4B240419502:2
6E095FCA961CAFEDDEA611BBDE8FBE93438:3
6F0D813AD052DE863A95BEBF77F2D7FF9A6:2
6F7D6C41FA58456AE02C87586BB9F3AA728:20
7067AB6A20C1A32A4749C151B6175441D3C:2
70A4C9C744300A5DADBEBA79655556106FE:9
714E26076D9CD881211CB55B3C4A058E667:11
7179FDCD535CEF691CC625FEA7016603ACF:1
71B7E20C3F62C776E35B2552E374C548EF0:2
71D01ADDD04D37822C2C617A147E9947874:2
7226C45A604171B11BDB193D951C7E4F6D1:4
7237D97346186DE0FE055145A91A94AF973:3
72749A511E9995E864923ABB787E508281E:1
7289DCF3C59778753EF5603CBED0CD18A98:1
72C8D6900E763F1C18B3BC3FF563F9C34FF:1
72F48082ACFB4C3D38622FB0ED2A35A8FB5:1
7307C6A1490373D36C1669D978DEC71745B:1
735733F8D726D6BFAA6AA0AD2FF00207897:12
7382097FA69E15E2763973DB2ED9EC35B85:1
73F0FA9ABEC4903DA2C5D8A5C79B9376A39:5
74E5446A76314900256DB72FE7EBA33090A:223
74ECB9BF36E7820C85DCE2EFDA34B4F863F:4
754E0F8980A7B74688C75F9E5C9C2B367E8:3
755044B5A20DEB5563D153773686BA82EBF:3
7568394C13D8BA4886787414849C09CBEF6:1
7618C4AAA1702A7A07015D874919A9122E5:3
761A1B276711109F5C7A2B6EB1EC79B64D1:19
7638AB5048EB720C5AFF3A8648871441D8D:2
7688CD22419A99FB03AFC26D64FC5653C69:5
77CE8F3F5738BF28A397C4F2ECC80E7D35E:8
786D5404A544FDBCA9AA3D5C6C699915C81:12
78AD9917DB398B15BFF4BB002BE52A2A9BE:6
78D698DCD57F21E81A74603160CAD1D7A9A:3
791BBE9F1A42ADDC0AC7D4212DC530923FA:1
795641998D4E4642571B885A2A13AECD6C6:1
796DF3EAD784C30E02279EE8B688E6B9CB0:5
7998A8D7C1A499B3450800203E58876A1EB:21
79DD1BED6DAB90C1CFCF9779B33109CE45D:3
7A7F58FA07C7F1F6C3FD3E617C77D5830BD:1
7A93E82CF85FF941EAA6655C4FD6D99F0B6:1
7A9D692B927EECF6FC29337D65E3DDA81D3:2
7AAAF7AA08ECED08BC82BA612DDC2B2A056:1
7AB45A65D0A45D0EAB270CD5D366D0A6352:1
7AF057C3DBE4B2F462A043D7423BF259C1B:2
7B2CD91D22B40138ACAF3898A24E95D769E:1
7B3B3CAD7A978F0595EF2380793A44AAA53:4
7B3CB63E82D6D4DC223D1B41B585F88F354:2
7C0212FE7C52D584BEEED6D9455E887CF21:1
7C49537A06F203AA4F2678B854F8E211037:1
7C6CEA011C7A28F0F80A910A904612EA243:2
7CA7F602525424895CF98F0FDA1A273E665:3
7CB7720ED35790983E1708182E59A0B63AA:1
7CFDEA0E453B59DE80540361211FD3DC7C8:2
7D1D913EA0D3D3A9BEC4300A22CF9884676:1
7D332572116DC6B21C55D30E92A4DF99858:1
7D9A1268F43CE1B2D6589CFDD8CBDD99947:1
7E24884FC69F621931B27971EC54C422544:3
7EEED9D80BD36D0D5C4AB4077E4BEBD8629:1
7FE7448A28B5B7F48D182F3628957243C67:1
80391206A10705E17CF0767619E465785B1:1
80AD3EEF15F0148B04C91A580316CE866C4:2
81DAEAFF28357E5CADC3AA206A69CC5894C:1
81DE88E18EA1BE8E9A82D6A118EA0F549EE:1
81F020BF03482F0C8BA03DFF347E51B871A:1
821E156A9BF570D0E3B06918F2D8B65D925:2
8264BBA4A7B4BEDFFAEE7DB9C05637E54BF:2
834266D9112FF2237CB5159BF991276A231:1
834B821AB6ACFA3D5EC8F72C2B10A16D1F9:28
8365F67234038EC23610016DE04DCD24436:14
83ACAAE2CCC3F0E4C8FF4C4EE19541990D5:1
83C7E9FE8839CA405312EEFE7D46405BF57:3
83F46E4BC421A2605D8E42EC742AB98637A:1
8413EC59A7658D2A81C0E855B96E4D2B015:6
84851B39E6E019CD3A6FCA9DF1B6B10BAEF:20
849848E07F1968147D62A9AE066FC809C75:1
8513B4B976D395D5385C900A3F6D76CA85E:2
857759F4D9DD7A5663FAF4DEA73E1E6B72C:31
85892ABCD23B4A6B74199BE91BDBADC5763:1
8614511CAC0555BFFC468A098E0B3AF595B:1
86D31F9DB1C321A16552B7FB53E946468FD:1
86EB050900F2DE0D44E7FE4C03BAA62CE85:1
86FD7ED6F7A48AD667D91B37AEC6B56A359:4
8727AEAFB500D9CBE7D310D0CD60F30A738:6
879962C24CD034E4328A70B61B57F47FC8A:6
87DFFBEDB076316A1DCE6D97B6E053A8E46:1
884F301FEC35BB8F47B0EC71B77DFCF5FB2:1
8893D5D8D934E6D6F01887517E6063FF6A9:2
88AA31760661225C9F0BBAD71A03D0D459D:5
8951E1B0FA2F5C1DC496BA37C5C63AD041A:1
89560201F860F130A9402B2A1D14B896A84:5
89A7F6F4848168A7A133DBD9B2C9310E720:3
89B32BEA28721F1DB284138A2D21482BBE3:1
8A54DD5C424AEE36E01A6C9E004772D01CB:2
8AA01411D218A75D7701518E663355FBA5F:1
8AAD0DC8DBC2B54F9935D70EB54B5A20A4A:2
8AB3E1D5881C1A65113C7231E4F983D3367:1
8B02C6F1A57B37504F939876FA58B4947EB:1
8B56D4A02F6F7E8B851C514419C109FAC56:2
8B58257D9CF35E2804D966E4CB3F6F95860:8
8B6B05728AB197132F154078E614FE5E179:2
8B85D941A374F264857C932AE226732A8F7:1
8CA8F6D3F44F48CB98B1FE67811F2C691DF:3
8CAC897EE834BB9C4CAF63B7AD14277F15A:17
8D6720878E416002D6F4D9C685319F7CAA4:1
8DFCF44CCD3D3717F1B4AA1873B828B0F3E:1
8E19FF9D2D351C4AAB593F5E6DCF0BF5459:2
8EFD1F0B4E64C898D4EECF0EE1464B99518:1
8F497C0E6F3C7A34828DF9F3DAF01165D08:1
8F77A3B4224D10EE77A44BAA384F9DD52CC:4
8F80C8B4E01C290B0E54EE6F57ADA5B1854:6
8F893B2C8C9EB0CBA1C1252A82BEFE91619:1
8F9AB8507DE2D7971B88F07574460E663BC:10
8FBED1314E9A2AB24D76624B038E678E153:1
9018FD2CBD4420E1D8763F471FB8C8CB844:1
90714DA167BF220CC33953DEAA294002374:6
90C65BB30B9B603F583E51526505AF562BC:1
910DAB030DDEE9D18CC034C175801759A91:2
911FCB79A473472C7544DA8C2842CD97966:1
913184AFC279E0DA7B4BA6AA24C5861161C:4
913227B498A8EB76DA06652572257FA37A2:1
91AB5F5B7C3290F8B1B1B23731FBAAD018D:2
91F7616E14D9D55877BC3BEBCD8BE9F8764:13
923C1823EEF525ED85D56489874375301A0:1
92574C1FE7A747E8A475858512A5F46B79B:1
92B7F40967488245D2E71565E6A23D84CF3:1
93108F5E3BC2BD9E320D7CC22937AC1C9F5:3
931321103F79A6FE2B3D424BE35BB220F3E:1
933AADB0A4497264392D13A3A67F9CDF7D2:3
9410F98376A8203293A9553B81E399666E0:2
94EA38C0D5320ABC261FA32283FF91FC19F:6
9699383E104EC34B58A3035D9224106669D:21
969A26F1C0A79AF3468D35A666356A902F5:6
9770A4D828DCF987297C76839E37D1A7693:1
977DC68789952708D3E83891FEFDF538993:1
97B0404E718FAE355CC37483FBF6133A365:1
9835482D6138971DA2A3CD916FDC8878227:4
98798F1B2AA7D59C18ED3CEE238972E92B8:1
9900F1BAD0779996AA721AC1CCEDDF6989B:10
99085635166031943124370E976BFF2038B:3
994AABB336FFDA3F979CD763A790731F377:1
99AFB30F8CEBB43E13BAC6877BCCBF2F186:1
99C34DA945A4EDA71F3EFD65804291BFAAC:1
99FD84D85729EC2AB037037739680F2ABA5:4
9AF1B6D5BA5A0615FF26CD8028EA23BF366:1
9B032763E68229951DAEADE19BEA72C314C:1
9B337C9DF966392F6A73962F6A3BE19BAB8:1
9BAD29A7F6A3B684D66044F055BA45EA7F4:3
9BD3E4D0B199C7629BC6049B22B542C2AE7:2
9C2A9BC472F7657616F16CC59D80964CFAB:1
9C3653F6FD175101B2E12FC554BD226CFE8:3
9C3EE11284AD2DBA2DBB3C0BA7CC259EAA4:1
9C44308703923FB9C45644F8FCA45EBE713:16
9C52151CAC1D53D191A53C63D615445A001:1
9CEDC8C4D733686B290F6561DB97F20A115:1
9CF628B7B03F93BC691F596DC320A3E4122:4
9D0B908039862F2722780FEF834B569D214:1
9D1531B3836CD156D505E463FBDA2F57BBB:1
9DE358CBFE0DCE1BBA0E3FC4A55399905FC:1
9DF6B9FCC4F196DF323FFBB2EE15CAAE219:1
9E48237CCFFA9AEB3E40E93B1998B463145:3
9EB27C01C852FF217059C5D83D26D06D0EA:1
9EE01B50319257E63686F383D6643313B5B:1
9F55720776C548136D9610AFDD81E861EC2:3
9FEB34CE269512ECDC5DFFDF25541E82FAD:2
9FF8212006948700E3D090546A5B19C12C2:11
A00A5EFC352DD69AC88AD763B4FE9F54268:3
A02424431DE40388063592C67E1F49E794C:3
A0334C8B02FCCB8747C19802BDCE73949F0:3
A13983824139007523C644700EA8A4EFDC4:2
A14649DF05B665DD1601ADA20FB2F08B426:1
A15170163AFB7395676C4D1D85D03120A6D:1
A19E1F9ADB2711EFB762E577C8DCE7A3D8C:1
A1DACE5AF1901EB4A244454DDBB7452840E:2
A1E0B7C71578F3CC82566D7575C47DE4C44:1
A1F8528F3C11CC3CC81D77E20867D400FBD:2
A21B6C92AEF691206979EA229E902EC1E61:1
A2224BAD214107BE0AD608C645F048DC645:4
A22A296F5EA525D0D122C3FB64139E8318C:3
A2E634B8F772F0B82C396D8BD1F9DD0004C:4
A30209654B0E590BA7D36A8CBD4244F9AD5:3
A34587C0D150E5E878674BEAB3F10DD098A:1
A3C0811EDCB3BAE71933B7574387558EF63:1
A452F8D4FDCED8FC94D075A13A97915095C:9
A4C20AF39A8A45D75736F2848C632461427:4
A5CEA84D4FE0FC42252FB0403E9F396A284:4
A5E9E2F47BA2FC3AFD81E02C72C74780F6B:32
A640673FC3880FDAC795AB1BB4DA54C1A43:1
A6697606150359B747D70679576D5FA0D24:2
A6F846CDF9B453CACB0189D2D6B45CF5CAA:2
A6FC81E1BEB6BD0C9A454E58B8681892CAC:1
A7C883427FE32613C7D038763DB122D1201:1
A84EA0BDBC29C705CB5FB5E560CBF6C964B:1
A84F8295818F67D149820322D20EC70A7C5:2
A89D37A8533AD25222C8EDB97B2DAFA313F:2
A8A5C251960DF6748F7DEAA17D1746AAC09:3
A8E25483F32465E960B2FCE069F695D8C19:2
A9492887C17EB6C2BB8575EA31C172BB302:3
A9D3C8002F02F83CE33227260F3BD64EE56:3
AA334575C18D34609A192E269F74861BAFC:6
AA39FA5C52ECDBF685A9538AF67AA247096:1
AA4C300095E270EF61495C71E7DE1C96CE7:2
AA518F21E8AAC14D02356AF46516239D89D:1
AA61D8A3DBE408DA4A679FD3643A1560384:1
AAAC2623EEBE9C27E77B9F4D1AFF93D1EE1:3
AAD078BAF12664FF4DCE537051B8D225392:4
AAD13C437F6DA9FE5DE11563A02C860800B:1
AAE334309B4560C700D61653DB323DCCA3F:3
AAFF7B0D3AC0305C08C84678B9E49E3B6C2:1
AB1403E811453CD413CD9BA6960E0BE5396:1
ABD2D85E7C0D46587A74BC3A47E7515D839:65
ABD3B7FF60C747554B5647CE56CD11B21BA:1
ABDBE99D9FC83D9A54E0E29130D0A1B8BAC:2
ACE10F2B2EB889CC5F1F18C8ABE0D7DCE59:46
AD447F4578DF0C706C21A714C2106C4D9D5:1
AD74ED2128B2DE4D41E2C613475994F77F6:1
ADF3DBF3369CFCB22F3138706D71A77237A:2
AE7598C75EF41BEF408EE85171DB3206ECF:6
AE83720DACDEBD8CB22C22515BD00BA22CF:5
AEBC08FF633564C18C857FDD369D0F47AF4:2
AF09000C37310927D5114A32BFA42C63DD3:2
AF5B97595F0D3EDC8BB38DBCC6D4A00315B:1
AF5D2EEC8DF2ED4C37D07B76526996639C5:1
AF625B9C163C1A30288DAF73F831317D279:1
B000AB81A9B173F65954955AC112E34DBC0:1
B0087EAC1B478DB253111A94291563EF266:9
B0437F6237BEB55DCE2DA58334DEE1EFBDA:1
B16E13C9CB32DB4305548B29EB9FC47DE5D:6
B16E228704E4287A2CA77779630FC420E13:3
B2275F00C1CACDF443271AEF2B496C3B985:1
B24304C15FD2F388EE6B72E8012DE2B986E:4
B2495DF7936F4423EAFAF3D22EB3307A109:1
B26130639269557314643E73DCEE4BF94FD:3
B2FACC19C8D80AC6685540CB29022C98CCC:12
B30388E74E81D84A7210BA44CC06432510E:3
B3D77172A76C519A8B27540C718D2528584:4
B3FC9C0A717330EB0FD5C49D45FA4577894:21
B4213757EECE0DF5229FA09B591D6B09324:1
B4E098B5A5EC7ED92A1A21988873E2C7903:1
B5A1C815769F2B194C4E594CAADFB68CF64:4
B604342434D7E42EAE5C6B5198B3B3CC358:2
B7145583AA71D6832279E66E4D8D7D5CEFC:3
B741EEECF7557501847FA0CB9C5C6D24B44:20
B7530A6610B3E4BA28BC9AF20BE9E4BA868:6
B77FE4E2A1A37A67198D50F4EF2C0C5F4A2:3
B7CA8948538D22233CFCB0D8C3DF75074A2:2
B7E34A5198FE261267D396B956BDDA874B2:3
B7E4CC132230CF7AABF86663E428C4DE9A7:11
B7F4B7795A8F6FADBC9A40DF06AC3576A58:1
B8549910118BF13134B5ED6AE3EFFCEEF08:4
B88CACCD5BD872DB6873E64A356FF1688F7:5
B9B095B6CD788EDFF859348E78F33DC412B:1
BA8B200AA2E04327126BFEA7DE52500F85A:1
BA8BFB78D8740F15AD7729623FE43F74828:1
BAB8910F8C9CB0F5A5769D9FCFFFE9B305C:1
BAF10B737AC7FEFBAA21964D81925C28C7F:1
BC3F8C2D020F96903BE3AEBCBFF2C72A65F:1
BC7219A79B099047E2DED5AE474A4BBDD01:1
BCD4A9C26B6AFA4FE271EAFFEEE54734D78:3
BCEFADE2572666C3EE0D4940B526FF47C08:36
BCFD16748D4086A5858A6A656AC7FFF1308:1
BD266A59D235729D29D3A2794A63FA33533:1
BDBDB4DA7B22DBC760F0C14619BEA1AF2E6:4
BDE4C15B2B94AF26ACD0710E68B00A30ED9:1
BE64F1B73709984A1BBA7149F6E218A85EA:1
BE6B28C1D5C24468BD7187D56D330CA7CB8:2
BED06AE71748BE8131C921D9CA0963B24EA:3
BEE1810773F6AE25DFC353DEA38E4823E80:1
BEE95D3487EF83E785F3D19E49CACB54300:1
BF18A0B87FC6555D35F5E087C2A22017B8A:1
BF70972D4C449892D94F0197FA6116F76F3:3
BF8E28C40D0AE0F8C217B06F44DDBD34B88:2
BF93385A38153A8E75D77AED35CA1A965A7:1
BFA71EBD2D8DEE0640587C2E76CCBE84E6F:1
BFDA3AE16708271D80BC456B1CBD5698BAF:6
C00DC66BF2ABDD7C51368494F3D15947492:16
C0572859A1AC738296AAC40283DEC328674:2
C08EC7590EC50B1AA4AA90A4DA9F9E4CB14:1
C0A3903472126786AAA0004085C2BB4B042:3
C14764B695C2C5B5F5580455B1C41CCBA0B:2
C1D9EFC5BAF0E1F7458873E675CD8A21E6E:1
C2B1F86E52BE65A2AA21E9C9DBF3E8E1316:5
C3372B703C2BAC55B500A105F07B88BD6A1:2
C3ACA0220794CD2E066E84B7DF88CECDA40:1
C419B502C8A6EF5AAB449BA27167A78EA5E:7
C41A00E0050FED297E0573D1CAED4285BE2:2
C4FE0089E867BA644C8BE35159C893DA147:4
C54E82F245CDA14B126502399665D18DD2C:8
C5E0E19999C9CAC5F83891E84BEFB8D996F:4
C5F18F2414DF2B5E8D173D6C5ACBA548F80:1
C60E94C1A15CCF8F990594C69AAA8A51917:1
C63C6930F7B1BC408D6FB14A30F342B7E98:8
C665258894760B39B520313F0517CA3A1C7:2
C6BF629E23CBF575BD5627D8E3EC886DC5B:1
C71821C0BEF3160CC4D4D6378345CB25DB0:2
C7724E7AB9F6545539BB5B4F4863C3AC669:1
C7D3B9896474A703F08E056DB2B6AF70E1C:1
C84F35BB4274C4F78B9BDC8E3B54E97CC1C:9
C8B0B6DA048432DB09283FBD4DD3085B70D:2
C96AA5194428D1DBE36239DFDF11E4CA2C3:3
C989B92D9DFF3AD4DD1E149AF56B7269B96:2
CA061E6906218E639394133F927358A39D4:1
CA39588CC4BB3DEBB8C0070DBEC12234031:1
CA57D58D9478ECDA9AAD34DADE4A27E4556:2
CA7081631159A0B17A69FF56F0DC3D81E23:1
CA7938889061599FDE3127E7C4F33B4E36B:14
CAAFAB29D3E6247DCA4268F6D47FA0693C5:3
CAD33A87C328BB8E17BC38F99C7FD535E00:15
CAF5C2FC3C388E03B4DDF2647745259BC60:1
CB28237541180A8A9441E8C17B87851D453:3
CB74CEE10122B87E9185008DBEF7EDC1EE1:2
CC140A6231819F5E28E4108D42667ED6CC8:1
CC2920A2B3D765868C44AE659CE3E0B10B1:1
CC7D0ED93015CE1A30FDD4B30533B2C10EA:17
CD219398FE886D43072545CA416CA088AB3:1
CD7692ECDAEFF5EDC26DF1485A8E0FA3C76:2
CDAEF83D6E31EC65DA8D80F5A70BEDA3B6E:4
CE400306EEFF478D4D9869B6B137D669CDE:2
CE558A97B52076E23525EA6996C9495FBAB:1
CE704D93D407469076CE67669C7A9394F45:1
CED1AAE5173C7D2A835521E1BC10AA90E8C:2
CEDA91613911426C1BC464E4EA897689D39:1
CF310FDB80E245B0B8638C5FC898F24854A:1
CF5313CDFF3F6E307F1F791B80AF1961005:2
CFB5B9E2663008904647B7D7901D4D57573:1
CFCB99BBC16FE3BA4904CD0024F98572F62:1
CFF054D5C1AC1FF28C5B8998A60CEF53554:1
D06453709513B4C43258B291CA1E777F4E0:15
D0CA3E1B0EB294EE3096BFAE4F862A83851:1
D14D910A829B8928E77290AE8C81A92ABFD:6
D15589A1DC74BAB29C5283FE65118E9CD1D:6
D16E958C26972B624992104BF9E5A63F45A:3
D1DC74FD7225EEFA359BBA2E67ECD79B2F8:1
D1DEC25BACB3BAD3345A5310291D6069340:1
D2129499EB350D6E65674CDDAF7833A2E72:13
D21FD8B96A3F8C553D20294A6A372FB9CD5:1
D282435194C5A385EEBA4570253C7104481:1
D2B623D09DECF1F3DFAEB83A63CE4E20636:1
D31B0B5ED426A09A8952529BA9FE312C97A:1
D3339B5C224DFB24B7F1765584E38F80373:19
D3B9E6D14B047C782A1E73DD699A6610737:1
D4260828409DE2E4B814CBA67976A540D2A:3
D49AB028493DE28EA356EAA137E2C85DF75:1
D4C000F004AA53804A953EF42CD398F349D:8
D50BF25F7F3C798ECEAFE3E484CA7C7ACDA:3
D517E924AE2F756C7696E18D59ADE02556F:1
D53BB1344213FBB6A8EC917C50BE6D1EEA0:1
D54E20E2F26FBFAD6DC0DF4C7935FD44D3E:1
D5CA8892821C423935903EAA772A372E467:1
D60A9FA83DB521B3EADFED1E77D1DF8A270:3
D66BB02209D568CEB79546678251774D646:4
D687B2CBCB4C18F59E5501A28FA50E84C98:1
D6CD3AF745CFE25498361E838C866DE5597:1
D6E7E852128024BB7BC34C0B6EC2D104EE3:1
D7AC5553BC0B4867A9DE9265573D710148F:1
D88E78E4B9FA928868A4E35C6959760056E:1
D8D23A6FCE4BA22A7E2DD43EB059DE590E4:1
D911492E1FAA48F4614E4DE8F91CB3B42FA:1
D93884ADE6FE7150DE646ECCBCE7D4DF941:1
DAD95130844F74CB68C39491A4E314F5C33:2
DB076FE718B64D399667367D05B01C81BB6:6
DB0C9A47B7CF791C8AD1271AB0C4A7A1084:2
DBD3020D905D79D16965322CBBF41794987:4
DC1CF65A0E1B4B4327C0E6CFF6CBD0F8260:2
DCC275E72C59262C261230BFB94C83AF309:7
DD0BF94DBF2ED4EA42A5E3A9067B2ADAC7D:16
DDC1A307E0B69F76EB737107BD1EA237117:2
DDE2E7A5D18B5AFD90747EA5DBD5AC3F539:3
DE51B5C095ADBF0DA6706A0C697C54737EC:2
DE66364A883CC23D6587EC93C662D14BC62:2
DEBBFCA2DB4AAA9DC1C09C992E2BD5DF826:1
DEFA022849AD11A976ACB9C6C7A17B553B8:6
DF246E1D3F9EBD135ED3DD5C06CC5A36B7A:3
DF3BC5A75EC6B17E503358D23FCD40098B4:1
DFA6F1523258476AD46462DBF70FE546223:1
DFCC7A72F257BEAE25655ED484AC710457C:1
E041311651B55CC7907C0DB9B43E6BACB8B:1
E04419F8BE5B3BA5B763DF63AA600764FE0:6
E181BA770B9A1E19710158F95B158D1BEA8:1
E1DA889313D6837A6EDC7CDF014B740CABC:2
E1F10FD43F546C4852BC9F2A0D4D068D403:8
E204901C9F4969669FD22B8DBF053BA5640:1
E2064238E07CCF7849FCEF63D298CC893D2:2
E2360E0313CC86CF9D06C1D411E128DE1AB:1
E3556A00EA4AB48848D4CDC415FE0F5D756:1
E35DEBB4780D82D11D3B92E16ADC76AB1F5:2
E37530608E4B5E99CFE3FF39DD8CF659608:1
E3C5E0E9000FE291278069D92FCB04BC3AB:3
E3E001D6402D5B2CEA8B2C63F76EF98E5EC:4
E3E4695452F0326DFAB5EA549342079AA98:1
E3E6BB2CDC8C42DA5F9BA8068E89A09BA8B:10
E41A52E2F7F8CDD47F6E334B206F80D79A9:1
E42411D6F203FD48699C3C0FF8DD9A6F736:2
E43E8FA8E1CA8E258E63564A9D0170F9227:1
E462092309F994E1DD3A234C8BD6EF85C65:4
E4D4C834E6A9E5F17BF6BE0191BCA346FDE:1
E5562286F4FAF1DCB703B37C73994BD8A86:6
E64A8782E158712F4D45BCF6807E8C05485:4
E667BBD2AE02A08B7F5D90862970411A6F0:1
E670C13E9B5C698ECC9DCDD68CC7DE65ABD:37
E6818A2442894CD0F9F6C2B952DF7B9388C:3
E6E4F3FAF1E82FA23299B4D31019ACF8EE9:3
E76ADE50D057DDDACE0D6047E5EBF7E45FB:2
E7D0F6236122A5EF66EEBB5028988F6BC17:1
E8190B6C017790B06378056A38D5253E7EC:6
E866F6ED5FF9B06A630C3434177FB00BA30:1
E8C1D4A962B89FB477B6481B9C851FFC326:1
E8CA5C785589C3687345A2D49D901CBCA31:5
E94F4DC2691C77FA18E54A2EFC1FBB18B6D:1
E96EF2D581AC5E88EAEB135BF740A837D7B:1
E98C59E4306D313CDD349A7FB1C6AA7CFA4:8
E9BBA4E4BB4E13A0A58075167F27667EBCD:31
EA095167F925EC0C99E2A5238E972D3171D:1
EA135EA28846FE93BAFDC9E3AFC3AA649F7:1
EA2901FEBBC66E273197FECBBE2C0684AF3:4
EA2F8CD15C8E423656DD6B348642E60C76F:1
EA3FDB6DF9193FF72F9D0A2687BBC04576E:3
EA53C79D25ECD63749B1D3AF6F297F2D265:1
EA664C9F2A0CECC7A34C499272F980AE906:2
EAA348A8FA655271ED9A830ACD82B5EDB73:1
EAB76B1BF1AAA9DDCC2D20332D2034B5203:1
EB213BC3B014F6D8B48E317B4D8847C1763:5
EBB1D50D31BE322A80560F8130259B40F7F:4
EC171B745945BCCF38FFEA1E82299BEB2EC:20
EC45D01711A5DA7E784DDBEC5E965EA4494:1
ECD923681A0017C30CA25EA116DC1E71F54:7
ECE3BB3F55D5B59D646706B4686700F14D8:1
ED5ECBC77343BFE9C1ACC086F3BC14D30D0:4
EEC22FB44CBAC9D268BD289514E5869C79C:1
EEDE4027C77275D73AE7E28D832A4E944CF:1
EF0D64A12F9A21CAF656FCA171BB29EFAC8:1
EF5E9FF911342480A72DD157D027409C556:1
EF61573876921C011956305224E5A05C37B:1
F06F616266F804776238905D4C8BD7CACAB:3
F07189FF629A8C80D94217186CF188D30AC:3
F0E3F13BEB79625D6D73D0F2C4B3F81137D:1
F16D935B9BA399A9DD7AF3D17A4DE9955B1:4
F1D62C480A7B798DFFF8D780AB462B3CDCF:1
F217D4A1831CB1464A79C96FA64AA9F3D94:1
F350D68E517350C1308F10E8A1109A22780:1
F3CAD1955D50DC1C5E3C58D2F2414B56BB5:13
F3FA53CC519903E7F74F23DC845F7EB9C11:2
F45FD2912FE956AC0DE4FEE706298905FF9:1
F479EA5DA5E33D77729E65DD4AB1FA1F63F:2
F4A2B891DD4D57607BF639E2D6BCDAFA462:18
F4BCF20A73D4821C605E16520B032A8678D:3
F4C308B542F48623A3C3983FF51AD8D3C64:12
F4ED5E90D011E56073728116D726ED010AC:3
F52A3CB460073942F9826DE19F461149F14:2
F544388503DAB794520F3B341B1CD651765:1
F56702C244FA2D164728A9DB6898437C957:1
F61C93D0B639F1249AB561A8DB442407DDB:3
F63C5EF54178B8C4DEC994B5655488DE2C7:9
F66155C686B8302E9608115C97DA7A018B4:1
F6A48308C261CDCEDB2C842CAFEC5CA5885:4
F756A5D9E3D34D60D9DD2DAD332F113D328:15
F82A0B985010D0A00088EE74218D9E05488:2
F88EFD2762D547E882C91EC3DC1A3BB22EF:5
F94BA80CE7F91D8DE656164F8E2384BA8EB:21
F96C024F55A0A17589A8BB07D5E42386DCC:1
F9DB6954D3901878F3F679BA4659FC9D0F1:9
FA5A5CCD99DB852661023EAF8AAB1200DDC:8
FB92568A72CF76383F2D19F0EDD997146FF:1
FC02291B54DDD996E0ED3CDCDBBBA73E8AE:4
FCEB3BE8C68D8360F2CC52DC2B669C4C8CE:1
FD0655AF36D32938498DCC379D3B683AF16:1
FDDF49FE4420532B76403B5EE5577E350DC:1
FE9A43D93439C8E9CF0ACC279E07D66A55E:7
FFBE6DCCD3F851DFC6E9BC90BAA23C70F9D:1
FFF5CDE9706B4A69C343358FF1AC84DF562:3